@article{KYTE1982105,
author = {Kyte, Jack and Doolittle, Russell F},
doi = {http://dx.doi.org/10.1016/0022-2836(82)90515-0},
issn = {0022-2836},
journal = {Journal of Molecular Biology},
number = {1},
pages = {105--132},
title = {{A simple method for displaying the hydropathic character of a protein}},
url = {http://www.sciencedirect.com/science/article/pii/0022283682905150},
volume = {157},
year = {1982}
}
@book{cristianini2006introduction,
author = {Cristianini, Nello and Hahn, Matthew W},
publisher = {Cambridge University Press},
title = {{Introduction to computational genomics: a case studies approach}},
year = {2006}
}
@article{finn2016pfam,
author = {Finn, Robert D and Coggill, Penelope and Eberhardt, Ruth Y and Eddy, Sean R and Mistry, Jaina and Mitchell, Alex L and Potter, Simon C and Punta, Marco and Qureshi, Matloob and Sangrador-Vegas, Amaia and Others},
journal = {Nucleic acids research},
number = {D1},
pages = {D279----D285},
publisher = {Oxford University Press},
title = {{The Pfam protein families database: towards a more sustainable future}},
volume = {44},
year = {2016}
}
@book{Bishop2006,
address = {Singapore},
author = {Bishop, Christopher},
isbn = {0387310738},
keywords = {0387310738,Artificial intelligence,Christopher Bishop,Computer Books: General,Computer Vision {\&} Pattern Recognition,Computer science,Computer vision,Computers,Computers - General Information,Computers / Computer Graphics,Computers / Computer Vision {\&} Pattern Recognition,Computers / Intelligence (AI) {\&} Semantics,Computing: Professional {\&} Programming,EDV / Anwendungs-Software,Image processing,Image processing: graphics (static images),Informatik,Intelligence (AI) {\&} Semantics,Machine learning,Mathematics / Probability {\&} Statistics / General,Mathematics for scientists {\&} engineers,Optical pattern recognition,Pattern Recognition and Machine Learning (Informat,Pattern perception,Pattern recognition,Pattern recognition systems,Probability {\&} statistics,Springer},
publisher = {Springer},
title = {{Pattern recognition and machine learning}},
year = {2006}
}
@misc{hmmer,
annote = {v3.1b2 (February 2015)},
author = {{Howard Hughes Medical Institute}},
title = {{HMMER: biosequence analysis using profile hidden Markov models}},
url = {hmmer.org},
year = {2017}
}
